<marc:record xmlns:marc="http://www.loc.gov/MARC21/slim"><marc:leader>00852cam a2200253 a 4500</marc:leader><marc:controlfield tag="001">315</marc:controlfield><marc:controlfield tag="005">20020415161257.0</marc:controlfield><marc:controlfield tag="008">820326s1981    fr ab    b    00010 fre d</marc:controlfield><marc:datafield tag="020" ind1=" " ind2=" "><marc:subfield code="a">2251602550</marc:subfield></marc:datafield><marc:datafield tag="035" ind1=" " ind2=" "><marc:subfield code="a">(OCoLC)ocm08276772</marc:subfield></marc:datafield><marc:datafield tag="035" ind1=" " ind2=" "><marc:subfield code="9">AAA-0318</marc:subfield></marc:datafield><marc:datafield tag="040" ind1=" " ind2=" "><marc:subfield code="a">UIU</marc:subfield><marc:subfield code="c">UIU</marc:subfield></marc:datafield><marc:datafield tag="043" ind1=" " ind2=" "><marc:subfield code="a">e-it---</marc:subfield></marc:datafield><marc:datafield tag="100" ind1="2" ind2="0"><marc:subfield code="a">Garrido-Hory, M.</marc:subfield></marc:datafield><marc:datafield tag="245" ind1="1" ind2="0"><marc:subfield code="a">Martial et l'esclavage /</marc:subfield><marc:subfield code="c">M. Garrido-Hory.</marc:subfield></marc:datafield><marc:datafield tag="260" ind1="0" ind2=" "><marc:subfield code="a">Paris :</marc:subfield><marc:subfield code="b">Belles Lettres,</marc:subfield><marc:subfield code="c">1981.</marc:subfield></marc:datafield><marc:datafield tag="300" ind1=" " ind2=" "><marc:subfield code="a">241 p. :</marc:subfield><marc:subfield code="b">ill., map ;</marc:subfield><marc:subfield code="c">24 cm.</marc:subfield></marc:datafield><marc:datafield tag="440" ind1=" " ind2="0"><marc:subfield code="a">Ammales littéraires de l'université de Besanc̦on ; 2. serie, 255</marc:subfield></marc:datafield><marc:datafield tag="490" ind1="1" ind2=" "><marc:subfield code="a">Centre de recherches d'histoire ancienne ;</marc:subfield><marc:subfield code="v">v. 40</marc:subfield></marc:datafield><marc:datafield tag="504" ind1=" " ind2=" "><marc:subfield code="a">Bibliography: p. [227]-238.</marc:subfield></marc:datafield><marc:datafield tag="650" ind1=" " ind2="0"><marc:subfield code="a">Slavery (Roman law)</marc:subfield></marc:datafield><marc:datafield tag="650" ind1=" " ind2="0"><marc:subfield code="a">Slavery</marc:subfield><marc:subfield code="z">Rome.</marc:subfield></marc:datafield><marc:datafield tag="830" ind1=" " ind2="0"><marc:subfield code="a">Centre de recherches d'histoire ancienne (Series) ;</marc:subfield><marc:subfield code="v">v. 40.</marc:subfield></marc:datafield><marc:datafield tag="852" ind1="0" ind2=" "><marc:subfield code="a">IU</marc:subfield><marc:subfield code="b">Main Stacks</marc:subfield><marc:subfield code="h">C</marc:subfield><marc:subfield code="i">.44B46JLser.2 v.255-256</marc:subfield><marc:subfield code="p">38888123170106</marc:subfield><marc:subfield code="t">1</marc:subfield></marc:datafield><marc:datafield tag="852" ind1="0" ind2=" "><marc:subfield code="a">IU</marc:subfield><marc:subfield code="b">Main Stacks</marc:subfield><marc:subfield code="h">326.937</marc:subfield><marc:subfield code="i">G193M</marc:subfield><marc:subfield code="p">30112059731882</marc:subfield><marc:subfield code="t">1</marc:subfield></marc:datafield></marc:record>