<marc:record xmlns:marc="http://www.loc.gov/MARC21/slim"><marc:leader>01325cam a2200313Ia 4500</marc:leader><marc:controlfield tag="001">384</marc:controlfield><marc:controlfield tag="005">20100609105758.0</marc:controlfield><marc:controlfield tag="008">821029s1983    njua     b   s100 0 eng  </marc:controlfield><marc:datafield tag="035" ind1=" " ind2=" "><marc:subfield code="a">(OCoLC)ocn639567332</marc:subfield></marc:datafield><marc:datafield tag="040" ind1=" " ind2=" "><marc:subfield code="a">UIU</marc:subfield><marc:subfield code="c">UIU</marc:subfield></marc:datafield><marc:datafield tag="020" ind1=" " ind2=" "><marc:subfield code="a">0874131901</marc:subfield></marc:datafield><marc:datafield tag="020" ind1=" " ind2=" "><marc:subfield code="a">9780874131901</marc:subfield></marc:datafield><marc:datafield tag="082" ind1="0" ind2=" "><marc:subfield code="a">400</marc:subfield><marc:subfield code="b">D376s</marc:subfield></marc:datafield><marc:datafield tag="084" ind1=" " ind2=" "><marc:subfield code="a">ER 300</marc:subfield><marc:subfield code="2">rvk</marc:subfield></marc:datafield><marc:datafield tag="049" ind1=" " ind2=" "><marc:subfield code="a">UIUU</marc:subfield></marc:datafield><marc:datafield tag="111" ind1="2" ind2=" "><marc:subfield code="a">Delaware Symposium on Language Studies</marc:subfield><marc:subfield code="n">(1st :</marc:subfield><marc:subfield code="d">1979 :</marc:subfield><marc:subfield code="c">University of Delaware)</marc:subfield></marc:datafield><marc:datafield tag="245" ind1="1" ind2="4"><marc:subfield code="a">The first Delaware Symposium on Language Studies :</marc:subfield><marc:subfield code="b">selected papers /</marc:subfield><marc:subfield code="c">edited by Robert J. Di Pietro, William Frawley, and Alfred Wedel.</marc:subfield></marc:datafield><marc:datafield tag="260" ind1=" " ind2=" "><marc:subfield code="a">Newark :</marc:subfield><marc:subfield code="b">University of Delaware Press ;</marc:subfield><marc:subfield code="a">London :</marc:subfield><marc:subfield code="b">Associated University Presses,</marc:subfield><marc:subfield code="c">c1983.</marc:subfield></marc:datafield><marc:datafield tag="300" ind1=" " ind2=" "><marc:subfield code="a">vii, 361 p. :</marc:subfield><marc:subfield code="b">ill. ;</marc:subfield><marc:subfield code="c">24 cm.</marc:subfield></marc:datafield><marc:datafield tag="504" ind1=" " ind2=" "><marc:subfield code="a">Includes bibliographies.</marc:subfield></marc:datafield><marc:datafield tag="530" ind1=" " ind2=" "><marc:subfield code="a">Also issued online.</marc:subfield></marc:datafield><marc:datafield tag="650" ind1=" " ind2="0"><marc:subfield code="a">Language and languages</marc:subfield><marc:subfield code="v">Congresses.</marc:subfield></marc:datafield><marc:datafield tag="650" ind1=" " ind2="6"><marc:subfield code="a">Langage et langues</marc:subfield><marc:subfield code="v">Congrès.</marc:subfield></marc:datafield><marc:datafield tag="700" ind1="1" ind2=" "><marc:subfield code="a">Di Pietro, Robert J.</marc:subfield></marc:datafield><marc:datafield tag="700" ind1="1" ind2=" "><marc:subfield code="a">Frawley, William,</marc:subfield><marc:subfield code="d">1953-</marc:subfield></marc:datafield><marc:datafield tag="700" ind1="1" ind2=" "><marc:subfield code="a">Wedel, Alfred.</marc:subfield></marc:datafield><marc:datafield tag="776" ind1="0" ind2="8"><marc:subfield code="i">Online version:</marc:subfield><marc:subfield code="a">Delaware Symposium on Language Studies (1st : 1979 : University of Delaware)</marc:subfield><marc:subfield code="t">Selected papers.</marc:subfield><marc:subfield code="d">Newark : University of Delaware Press ; London : Associated University Presses, c1983</marc:subfield><marc:subfield code="w">(OCoLC)559764287</marc:subfield></marc:datafield><marc:datafield tag="994" ind1=" " ind2=" "><marc:subfield code="a">C0</marc:subfield><marc:subfield code="b">UIU</marc:subfield></marc:datafield><marc:datafield tag="852" ind1="0" ind2=" "><marc:subfield code="a">IU</marc:subfield><marc:subfield code="b">Main Stacks</marc:subfield><marc:subfield code="h">400</marc:subfield><marc:subfield code="i">D376S</marc:subfield><marc:subfield code="p">30112049701425</marc:subfield><marc:subfield code="t">1</marc:subfield></marc:datafield><marc:datafield tag="852" ind1="0" ind2=" "><marc:subfield code="a">IU</marc:subfield><marc:subfield code="b">Oak Street Facility [request only]</marc:subfield><marc:subfield code="h">400</marc:subfield><marc:subfield code="i">D376s</marc:subfield><marc:subfield code="p">30112025037398</marc:subfield><marc:subfield code="t">2</marc:subfield></marc:datafield></marc:record>