<marc:record xmlns:marc="http://www.loc.gov/MARC21/slim"><marc:leader>01123cam a2200325Ia 4500</marc:leader><marc:controlfield tag="001">438</marc:controlfield><marc:controlfield tag="005">20100529201241.0</marc:controlfield><marc:controlfield tag="008">830411m19779999gw a          000 0 ger d</marc:controlfield><marc:datafield tag="035" ind1=" " ind2=" "><marc:subfield code="a">(OCoLC)ocm09395954</marc:subfield></marc:datafield><marc:datafield tag="040" ind1=" " ind2=" "><marc:subfield code="a">UIU</marc:subfield><marc:subfield code="c">UIU</marc:subfield><marc:subfield code="d">OCLCG</marc:subfield><marc:subfield code="d">HEBIS</marc:subfield><marc:subfield code="d">ESSAL</marc:subfield></marc:datafield><marc:datafield tag="020" ind1=" " ind2=" "><marc:subfield code="a">3446124861</marc:subfield></marc:datafield><marc:datafield tag="020" ind1=" " ind2=" "><marc:subfield code="a">9783446124868</marc:subfield></marc:datafield><marc:datafield tag="050" ind1=" " ind2="4"><marc:subfield code="a">QA184</marc:subfield><marc:subfield code="b">.H44 1977</marc:subfield></marc:datafield><marc:datafield tag="082" ind1="0" ind2="4"><marc:subfield code="a">512.5</marc:subfield><marc:subfield code="b">H364a, 1977</marc:subfield><marc:subfield code="2">19</marc:subfield></marc:datafield><marc:datafield tag="049" ind1=" " ind2=" "><marc:subfield code="a">UIUU</marc:subfield></marc:datafield><marc:datafield tag="100" ind1="1" ind2=" "><marc:subfield code="a">Heinhold, Josef,</marc:subfield><marc:subfield code="d">1912-</marc:subfield></marc:datafield><marc:datafield tag="245" ind1="1" ind2="0"><marc:subfield code="a">Aufgaben und Lösungen zur linearen Algebra und analytischen Geometrie /</marc:subfield><marc:subfield code="c">von Dr. Josef Heinhold, Bruno Riedmüller, Dr. Herbert Fischer.</marc:subfield></marc:datafield><marc:datafield tag="250" ind1=" " ind2=" "><marc:subfield code="a">3., erw. verb. Aufl.</marc:subfield></marc:datafield><marc:datafield tag="260" ind1=" " ind2=" "><marc:subfield code="a">München :</marc:subfield><marc:subfield code="b">Carl Hanser,</marc:subfield><marc:subfield code="c">1977.</marc:subfield></marc:datafield><marc:datafield tag="300" ind1=" " ind2=" "><marc:subfield code="a">279 p. :</marc:subfield><marc:subfield code="b">ill. ;</marc:subfield><marc:subfield code="c">24 cm.</marc:subfield></marc:datafield><marc:datafield tag="440" ind1=" " ind2="0"><marc:subfield code="a">Mathematische Grundlagen für Mathematiker, Physiker und Ingenieure</marc:subfield></marc:datafield><marc:datafield tag="505" ind1="0" ind2=" "><marc:subfield code="a">Contiene: t. I - t. II</marc:subfield></marc:datafield><marc:datafield tag="650" ind1=" " ind2="0"><marc:subfield code="a">Algebras, Linear.</marc:subfield></marc:datafield><marc:datafield tag="650" ind1=" " ind2="0"><marc:subfield code="a">Geometry, Analytic.</marc:subfield></marc:datafield><marc:datafield tag="650" ind1="0" ind2="7"><marc:subfield code="a">Analytische Geometrie.</marc:subfield><marc:subfield code="2">swd</marc:subfield></marc:datafield><marc:datafield tag="650" ind1="0" ind2="7"><marc:subfield code="a">Lineare Algebra.</marc:subfield><marc:subfield code="2">swd</marc:subfield></marc:datafield><marc:datafield tag="700" ind1="1" ind2=" "><marc:subfield code="a">Riedmüller, Bruno.</marc:subfield></marc:datafield><marc:datafield tag="700" ind1="1" ind2=" "><marc:subfield code="a">Fischer, Herbert.</marc:subfield></marc:datafield><marc:datafield tag="994" ind1=" " ind2=" "><marc:subfield code="a">02</marc:subfield><marc:subfield code="b">UIU</marc:subfield></marc:datafield><marc:datafield tag="852" ind1="0" ind2=" "><marc:subfield code="3">v.1</marc:subfield><marc:subfield code="a">IU</marc:subfield><marc:subfield code="b">Math</marc:subfield><marc:subfield code="h">512.5</marc:subfield><marc:subfield code="i">H364A1977</marc:subfield><marc:subfield code="p">30112017052355</marc:subfield><marc:subfield code="t">1</marc:subfield></marc:datafield><marc:datafield tag="852" ind1="0" ind2=" "><marc:subfield code="3">v.2</marc:subfield><marc:subfield code="a">IU</marc:subfield><marc:subfield code="b">Math</marc:subfield><marc:subfield code="h">512.5</marc:subfield><marc:subfield code="i">H364A1977</marc:subfield><marc:subfield code="p">30112017052363</marc:subfield><marc:subfield code="t">1</marc:subfield></marc:datafield></marc:record>