<marc:record xmlns:marc="http://www.loc.gov/MARC21/slim"><marc:leader>00708nam a2200205 a 4500</marc:leader><marc:controlfield tag="001">494</marc:controlfield><marc:controlfield tag="005">20020415161257.0</marc:controlfield><marc:controlfield tag="008">830719s1981    caub     b    00010 eng d</marc:controlfield><marc:datafield tag="035" ind1=" " ind2=" "><marc:subfield code="a">(OCoLC)ocm09716682</marc:subfield></marc:datafield><marc:datafield tag="035" ind1=" " ind2=" "><marc:subfield code="9">AAA-0501</marc:subfield></marc:datafield><marc:datafield tag="040" ind1=" " ind2=" "><marc:subfield code="a">UIU</marc:subfield><marc:subfield code="c">UIU</marc:subfield></marc:datafield><marc:datafield tag="043" ind1=" " ind2=" "><marc:subfield code="a">e-fr---</marc:subfield></marc:datafield><marc:datafield tag="100" ind1="1" ind2="0"><marc:subfield code="a">Willoughby, Randy.</marc:subfield></marc:datafield><marc:datafield tag="245" ind1="1" ind2="0"><marc:subfield code="a">Nuclear power and non-proliferation policies in France /</marc:subfield><marc:subfield code="c">Randy Willoughby.</marc:subfield></marc:datafield><marc:datafield tag="260" ind1="0" ind2=" "><marc:subfield code="a">Berkeley, Calif. (1619 Josephine F) :</marc:subfield><marc:subfield code="b">Willoughby,</marc:subfield><marc:subfield code="c">1981.</marc:subfield></marc:datafield><marc:datafield tag="300" ind1=" " ind2=" "><marc:subfield code="a">53, [17] leaves :</marc:subfield><marc:subfield code="b">map ;</marc:subfield><marc:subfield code="c">28 cm.</marc:subfield></marc:datafield><marc:datafield tag="504" ind1=" " ind2=" "><marc:subfield code="a">Includes bibliographical references.</marc:subfield></marc:datafield><marc:datafield tag="650" ind1=" " ind2="0"><marc:subfield code="a">Nuclear energy</marc:subfield><marc:subfield code="x">Government policy</marc:subfield><marc:subfield code="z">France.</marc:subfield></marc:datafield><marc:datafield tag="650" ind1=" " ind2="0"><marc:subfield code="a">Nuclear nonproliferation</marc:subfield></marc:datafield><marc:datafield tag="852" ind1="0" ind2=" "><marc:subfield code="a">IU</marc:subfield><marc:subfield code="b">Main Stacks</marc:subfield><marc:subfield code="h">333.79240944</marc:subfield><marc:subfield code="i">W684N</marc:subfield><marc:subfield code="p">30112040730217</marc:subfield><marc:subfield code="t">1</marc:subfield></marc:datafield></marc:record>