<marc:record xmlns:marc="http://www.loc.gov/MARC21/slim"><marc:leader>01114nam a2200253 a 4500</marc:leader><marc:controlfield tag="001">564</marc:controlfield><marc:controlfield tag="005">20020415161257.0</marc:controlfield><marc:controlfield tag="008">831020s1981    sp abc   b    00110 spa d</marc:controlfield><marc:datafield tag="020" ind1=" " ind2=" "><marc:subfield code="a">846002475X</marc:subfield></marc:datafield><marc:datafield tag="035" ind1=" " ind2=" "><marc:subfield code="a">(OCoLC)ocm10037323</marc:subfield></marc:datafield><marc:datafield tag="035" ind1=" " ind2=" "><marc:subfield code="9">AAA-0572</marc:subfield></marc:datafield><marc:datafield tag="040" ind1=" " ind2=" "><marc:subfield code="a">UIU</marc:subfield><marc:subfield code="c">UIU</marc:subfield></marc:datafield><marc:datafield tag="043" ind1=" " ind2=" "><marc:subfield code="a">e-sp---</marc:subfield></marc:datafield><marc:datafield tag="100" ind1="2" ind2="0"><marc:subfield code="a">Chacón Berruga, Teudiselo.</marc:subfield></marc:datafield><marc:datafield tag="245" ind1="1" ind2="3"><marc:subfield code="a">El habla de La Roda de La Mancha :</marc:subfield><marc:subfield code="b">contribución al estudio del habla manchega /</marc:subfield><marc:subfield code="c">Teudiselo Chacón Berruga.</marc:subfield></marc:datafield><marc:datafield tag="260" ind1="0" ind2=" "><marc:subfield code="a">Albacete :</marc:subfield><marc:subfield code="b">Instituto de Estudios Albacetenses, C.S.I.C. Confederación Española de Centros de Estudios Locales,</marc:subfield><marc:subfield code="c">1981.</marc:subfield></marc:datafield><marc:datafield tag="300" ind1=" " ind2=" "><marc:subfield code="a">411 p., [48] pages of plates :</marc:subfield><marc:subfield code="b">ill., maps (one fold.), ports ;</marc:subfield><marc:subfield code="c">24 cm.</marc:subfield></marc:datafield><marc:datafield tag="490" ind1="1" ind2=" "><marc:subfield code="a">Publicaciones del Instituto de Estudios Albacetenses.</marc:subfield><marc:subfield code="n">Serie 1, Ensayos históricos y científicos ;</marc:subfield><marc:subfield code="v">no. 8</marc:subfield></marc:datafield><marc:datafield tag="500" ind1=" " ind2=" "><marc:subfield code="a">Includes indexes.</marc:subfield></marc:datafield><marc:datafield tag="504" ind1=" " ind2=" "><marc:subfield code="a">Bibliography: p. [373]-379.</marc:subfield></marc:datafield><marc:datafield tag="650" ind1=" " ind2="0"><marc:subfield code="a">Spanish language</marc:subfield><marc:subfield code="z">Spain</marc:subfield><marc:subfield code="z">La Roda.</marc:subfield></marc:datafield><marc:datafield tag="650" ind1=" " ind2="0"><marc:subfield code="a">Spanish language</marc:subfield><marc:subfield code="x">Idioms, corrections, errors.</marc:subfield></marc:datafield><marc:datafield tag="830" ind1=" " ind2="0"><marc:subfield code="a">Serie I--Ensayos históricos y científicos.</marc:subfield><marc:subfield code="v">no. 8</marc:subfield></marc:datafield><marc:datafield tag="852" ind1="0" ind2=" "><marc:subfield code="a">IU</marc:subfield><marc:subfield code="b">Main Stacks</marc:subfield><marc:subfield code="h">467.771</marc:subfield><marc:subfield code="i">C344H</marc:subfield><marc:subfield code="p">38888190011621</marc:subfield><marc:subfield code="t">1</marc:subfield></marc:datafield></marc:record>