<marc:record xmlns:marc="http://www.loc.gov/MARC21/slim"><marc:leader>00915nam a2200241 a 4500</marc:leader><marc:controlfield tag="001">565</marc:controlfield><marc:controlfield tag="005">20020415161257.0</marc:controlfield><marc:controlfield tag="008">831020s1983    gw abe   b    00010 ger d</marc:controlfield><marc:datafield tag="020" ind1=" " ind2=" "><marc:subfield code="a">3487073846</marc:subfield></marc:datafield><marc:datafield tag="035" ind1=" " ind2=" "><marc:subfield code="a">(OCoLC)ocm10037342</marc:subfield></marc:datafield><marc:datafield tag="035" ind1=" " ind2=" "><marc:subfield code="9">AAA-0573</marc:subfield></marc:datafield><marc:datafield tag="040" ind1=" " ind2=" "><marc:subfield code="a">UIU</marc:subfield><marc:subfield code="c">UIU</marc:subfield></marc:datafield><marc:datafield tag="043" ind1=" " ind2=" "><marc:subfield code="a">e-fr---</marc:subfield></marc:datafield><marc:datafield tag="100" ind1="1" ind2="0"><marc:subfield code="a">Laule, Bernhard</marc:subfield></marc:datafield><marc:datafield tag="245" ind1="1" ind2="0"><marc:subfield code="a">Schloss Madrid :</marc:subfield><marc:subfield code="b">Studien zur Planungsmethode und zur Ikonographie eines Profanbaus des 16. Jahrhunderts in Frankreich /</marc:subfield><marc:subfield code="c">Bernhard Laule.</marc:subfield></marc:datafield><marc:datafield tag="260" ind1="0" ind2=" "><marc:subfield code="a">Hildesheim ;</marc:subfield><marc:subfield code="a">New York :</marc:subfield><marc:subfield code="b">G. Olms,</marc:subfield><marc:subfield code="c">1983.</marc:subfield></marc:datafield><marc:datafield tag="300" ind1=" " ind2=" "><marc:subfield code="a">265 p., [72] p. of plates :</marc:subfield><marc:subfield code="b">ill., maps, plans (some fold.) ;</marc:subfield><marc:subfield code="c">21 cm.</marc:subfield></marc:datafield><marc:datafield tag="440" ind1=" " ind2="0"><marc:subfield code="a">Studien zur Kunstgeschichte,</marc:subfield><marc:subfield code="v">Bd. 19</marc:subfield><marc:subfield code="x">0175-9558 ;</marc:subfield></marc:datafield><marc:datafield tag="504" ind1=" " ind2=" "><marc:subfield code="a">Bibliography: p. 248-260.</marc:subfield></marc:datafield><marc:datafield tag="650" ind1=" " ind2="0"><marc:subfield code="a">Chateau de Madrid (Paris, France)</marc:subfield></marc:datafield><marc:datafield tag="650" ind1=" " ind2="0"><marc:subfield code="a">Architectural drawing</marc:subfield><marc:subfield code="z">France</marc:subfield><marc:subfield code="x">History.</marc:subfield></marc:datafield><marc:datafield tag="650" ind1=" " ind2="0"><marc:subfield code="a">Architecture</marc:subfield><marc:subfield code="z">France</marc:subfield><marc:subfield code="z">Paris.</marc:subfield></marc:datafield><marc:datafield tag="852" ind1="0" ind2=" "><marc:subfield code="a">IU</marc:subfield><marc:subfield code="b">Main Stacks</marc:subfield><marc:subfield code="h">728.82</marc:subfield><marc:subfield code="i">L369S</marc:subfield><marc:subfield code="p">38888191086895</marc:subfield><marc:subfield code="t">1</marc:subfield></marc:datafield></marc:record>