<marc:record xmlns:marc="http://www.loc.gov/MARC21/slim"><marc:leader>00914nam a2200253 a 4500</marc:leader><marc:controlfield tag="001">566</marc:controlfield><marc:controlfield tag="005">20020415161257.0</marc:controlfield><marc:controlfield tag="008">831020s1983    gw       b    00110 eng d</marc:controlfield><marc:datafield tag="020" ind1=" " ind2=" "><marc:subfield code="a">3166446400</marc:subfield></marc:datafield><marc:datafield tag="035" ind1=" " ind2=" "><marc:subfield code="a">(OCoLC)ocm10037344</marc:subfield></marc:datafield><marc:datafield tag="035" ind1=" " ind2=" "><marc:subfield code="9">AAA-0574</marc:subfield></marc:datafield><marc:datafield tag="040" ind1=" " ind2=" "><marc:subfield code="a">UIU</marc:subfield><marc:subfield code="c">UIU</marc:subfield></marc:datafield><marc:datafield tag="043" ind1=" " ind2=" "><marc:subfield code="a">e-gw---</marc:subfield></marc:datafield><marc:datafield tag="100" ind1="1" ind2="0"><marc:subfield code="a">Pahlke, Armin.</marc:subfield></marc:datafield><marc:datafield tag="245" ind1="1" ind2="0"><marc:subfield code="a">Kirche und Koalitionsrecht :</marc:subfield><marc:subfield code="b">zur problematik des kirchlichen Arbeitsrechtsregelungsverfahrens, inbesondere des sog. Dritten Weges der Kirchen /</marc:subfield><marc:subfield code="c">von Armin Pahlke.</marc:subfield></marc:datafield><marc:datafield tag="260" ind1="0" ind2=" "><marc:subfield code="a">Tübigen :</marc:subfield><marc:subfield code="b">Mohr,</marc:subfield><marc:subfield code="c">1983.</marc:subfield></marc:datafield><marc:datafield tag="300" ind1=" " ind2=" "><marc:subfield code="a">xix, 299 p. ;</marc:subfield><marc:subfield code="c">24 cm.</marc:subfield></marc:datafield><marc:datafield tag="440" ind1=" " ind2="0"><marc:subfield code="a">Jus ecclesiasticum,</marc:subfield><marc:subfield code="x">0449-4393 ;</marc:subfield><marc:subfield code="v">Bd. 29</marc:subfield></marc:datafield><marc:datafield tag="500" ind1=" " ind2=" "><marc:subfield code="a">Includes index.</marc:subfield></marc:datafield><marc:datafield tag="504" ind1=" " ind2=" "><marc:subfield code="a">Bibliography: p. [269]-291.</marc:subfield></marc:datafield><marc:datafield tag="650" ind1=" " ind2="0"><marc:subfield code="a">Labor laws and legislation</marc:subfield><marc:subfield code="z">Germany.</marc:subfield></marc:datafield><marc:datafield tag="650" ind1=" " ind2="0"><marc:subfield code="a">Church and state</marc:subfield><marc:subfield code="z">Germany</marc:subfield><marc:subfield code="x">History</marc:subfield><marc:subfield code="y">20th century.</marc:subfield></marc:datafield><marc:datafield tag="650" ind1=" " ind2="0"><marc:subfield code="a">Ecclesiastical law</marc:subfield><marc:subfield code="z">Germany</marc:subfield></marc:datafield><marc:datafield tag="852" ind1="0" ind2=" "><marc:subfield code="a">IU</marc:subfield><marc:subfield code="b">Law Compact Stacks</marc:subfield><marc:subfield code="h">KK2860</marc:subfield><marc:subfield code="i">.P33</marc:subfield><marc:subfield code="p">30112023241190</marc:subfield><marc:subfield code="t">1</marc:subfield></marc:datafield></marc:record>