<marc:record xmlns:marc="http://www.loc.gov/MARC21/slim"><marc:leader>00886cam a2200229 a 4500</marc:leader><marc:controlfield tag="001">567</marc:controlfield><marc:controlfield tag="005">20020415161257.0</marc:controlfield><marc:controlfield tag="008">831020s1981    enka     c    00010 eng d</marc:controlfield><marc:datafield tag="020" ind1=" " ind2=" "><marc:subfield code="a">0907773001</marc:subfield></marc:datafield><marc:datafield tag="035" ind1=" " ind2=" "><marc:subfield code="a">(OCoLC)ocm10037361</marc:subfield></marc:datafield><marc:datafield tag="035" ind1=" " ind2=" "><marc:subfield code="9">AAA-0575</marc:subfield></marc:datafield><marc:datafield tag="040" ind1=" " ind2=" "><marc:subfield code="a">UIU</marc:subfield><marc:subfield code="c">UIU</marc:subfield></marc:datafield><marc:datafield tag="100" ind1="1" ind2="0"><marc:subfield code="a">Lippard, Lucy R.</marc:subfield></marc:datafield><marc:datafield tag="245" ind1="1" ind2="0"><marc:subfield code="a">Alexis Hunter :</marc:subfield><marc:subfield code="b">photographic narrative sequences; Approaches to fear 1976-1978; Romantic love and sexual hatred 1978-1979; On politics 1978-1980; [and] new work 1981 /</marc:subfield><marc:subfield code="c">critical essays by Lucy R. Lippard and Margaret Richards.</marc:subfield></marc:datafield><marc:datafield tag="260" ind1="0" ind2=" "><marc:subfield code="a">London :</marc:subfield><marc:subfield code="b">Edward Totah Gallery,</marc:subfield><marc:subfield code="c">[1981]</marc:subfield></marc:datafield><marc:datafield tag="300" ind1=" " ind2=" "><marc:subfield code="a">[48] p. :</marc:subfield><marc:subfield code="b">ill. ;</marc:subfield><marc:subfield code="c">21 x 27 cm.</marc:subfield></marc:datafield><marc:datafield tag="500" ind1=" " ind2=" "><marc:subfield code="a">Exhibition catalogue.</marc:subfield></marc:datafield><marc:datafield tag="600" ind1="1" ind2="0"><marc:subfield code="a">Hunter, Alexis,</marc:subfield><marc:subfield code="d">1948-</marc:subfield></marc:datafield><marc:datafield tag="650" ind1=" " ind2="0"><marc:subfield code="a">Photography</marc:subfield><marc:subfield code="x">Exhibitions</marc:subfield></marc:datafield><marc:datafield tag="700" ind1="1" ind2="0"><marc:subfield code="a">Richards, Margaret.</marc:subfield></marc:datafield><marc:datafield tag="740" ind1="0" ind2="0"><marc:subfield code="a">Photographic narrative sequences.</marc:subfield></marc:datafield><marc:datafield tag="852" ind1="0" ind2=" "><marc:subfield code="a">IU</marc:subfield><marc:subfield code="b">Main Stacks</marc:subfield><marc:subfield code="h">779</marc:subfield><marc:subfield code="i">H916L</marc:subfield><marc:subfield code="k">Q.</marc:subfield><marc:subfield code="p">30112001396859</marc:subfield><marc:subfield code="t">1</marc:subfield></marc:datafield></marc:record>