<marc:record xmlns:marc="http://www.loc.gov/MARC21/slim"><marc:leader>00635cam a2200193 a 4500</marc:leader><marc:controlfield tag="001">569</marc:controlfield><marc:controlfield tag="005">20020415161257.0</marc:controlfield><marc:controlfield tag="008">831020r19831964ctu     a     00010 ger d</marc:controlfield><marc:datafield tag="035" ind1=" " ind2=" "><marc:subfield code="a">(OCoLC)ocm10037371</marc:subfield></marc:datafield><marc:datafield tag="035" ind1=" " ind2=" "><marc:subfield code="9">AAA-0577</marc:subfield></marc:datafield><marc:datafield tag="040" ind1=" " ind2=" "><marc:subfield code="a">UIU</marc:subfield><marc:subfield code="c">UIU</marc:subfield></marc:datafield><marc:datafield tag="100" ind1="1" ind2="0"><marc:subfield code="a">Klemm, Uwe,</marc:subfield><marc:subfield code="d">1936-</marc:subfield></marc:datafield><marc:datafield tag="245" ind1="1" ind2="0"><marc:subfield code="a">Zur Theorie der Impulsgraphen</marc:subfield><marc:subfield code="h">[microform] /</marc:subfield><marc:subfield code="c">vorgelegt von Uwe Klemm.</marc:subfield></marc:datafield><marc:datafield tag="260" ind1="1" ind2=" "><marc:subfield code="c">[1964]</marc:subfield></marc:datafield><marc:datafield tag="300" ind1=" " ind2=" "><marc:subfield code="a">34 p. :</marc:subfield><marc:subfield code="b">ill. ;</marc:subfield><marc:subfield code="c">21 cm.</marc:subfield></marc:datafield><marc:datafield tag="502" ind1=" " ind2=" "><marc:subfield code="a">Thesis--Freie Universität Berlin.</marc:subfield></marc:datafield><marc:datafield tag="533" ind1=" " ind2=" "><marc:subfield code="a">Microfilm.</marc:subfield><marc:subfield code="b">New Haven, Conn. :</marc:subfield><marc:subfield code="c">Yale University,</marc:subfield><marc:subfield code="d">1983.</marc:subfield><marc:subfield code="e">1 reel ; 35 mm.</marc:subfield></marc:datafield><marc:datafield tag="650" ind1=" " ind2="0"><marc:subfield code="a">Graph theory</marc:subfield></marc:datafield><marc:datafield tag="852" ind1="0" ind2=" "><marc:subfield code="a">IU</marc:subfield><marc:subfield code="b">History, Philosophy &amp; Newspaper</marc:subfield><marc:subfield code="h">511.5</marc:subfield><marc:subfield code="i">K675Z</marc:subfield><marc:subfield code="k">FILM</marc:subfield><marc:subfield code="p">30112034388170</marc:subfield><marc:subfield code="t">1</marc:subfield></marc:datafield></marc:record></marc:collection>